<collection xmlns="http://www.loc.gov/MARC21/slim"><record><leader>00749nam  2200217   450</leader><controlfield tag="001">561</controlfield><controlfield tag="003">http://montalegre.opacnet.com/OPAC/default.aspx?ContentAreaControl=ShowRegHoldings.ascx&amp;RegNo=16662</controlfield><datafield tag="021" ind1=" " ind2=" "><subfield code="a">PT</subfield><subfield code="b">8395</subfield></datafield><datafield tag="095" ind1=" " ind2=" "><subfield code="a">PTBN00044396</subfield></datafield><datafield tag="100" ind1=" " ind2=" "><subfield code="a">19871117d1987    m  y0pory010305  ba</subfield></datafield><datafield tag="101" ind1="1" ind2=" "><subfield code="a">por</subfield><subfield code="c">ger</subfield></datafield><datafield tag="102" ind1=" " ind2=" "><subfield code="a">PT</subfield></datafield><datafield tag="200" ind1="1" ind2=" "><subfield code="a">&lt;Um &gt;encontro perigoso</subfield><subfield code="f">Ernst Jünger</subfield><subfield code="g">trad. Ana Maria Carvalho</subfield><subfield code="g">rev. lit., notas e posf. Rafael Gomes Filipe</subfield></datafield><datafield tag="210" ind1=" " ind2=" "><subfield code="a">Lisboa</subfield><subfield code="c">Difel</subfield><subfield code="d">[D.L. 1987]</subfield></datafield><datafield tag="215" ind1=" " ind2=" "><subfield code="a">142, [1] p.</subfield><subfield code="d">23 cm</subfield></datafield><datafield tag="675" ind1=" " ind2=" "><subfield code="a">821</subfield><subfield code="v">BN</subfield><subfield code="z">por</subfield></datafield><datafield tag="700" ind1=" " ind2="1"><subfield code="a">Jünger</subfield><subfield code="b">Ernst</subfield><subfield code="f">1895-1998</subfield></datafield><datafield tag="702" ind1=" " ind2="1"><subfield code="a">Carvalho</subfield><subfield code="b">Ana Maria</subfield><subfield code="4">730</subfield></datafield><datafield tag="702" ind1=" " ind2="1"><subfield code="a">Filipe</subfield><subfield code="b">Rafael Gomes</subfield><subfield code="4">080</subfield></datafield><datafield tag="801" ind1=" " ind2="0"><subfield code="a">PT</subfield><subfield code="b">Biblioteca Municipal de Montalegre</subfield><subfield code="g">RPC</subfield></datafield><datafield tag="856" ind1=" " ind2=" "><subfield code="u">locateMedia.asp?cod=20060518115415&amp;ext=jpg</subfield><subfield code="z">CAPA</subfield></datafield><datafield tag="909" ind1="&#9;" ind2=" "><subfield code="a">1</subfield></datafield><datafield tag="966" ind1=" " ind2=" "><subfield code="a">0008691</subfield><subfield code="l">BMM</subfield><subfield code="s">SCG 821 JUN enc</subfield></datafield></record></collection>